@misc{ref1,
author = "Wikistat",
title = "Modèle gaussien : regression linéaire multiple --- Wikistat",
year = "2016",
note = "[En ligne; Page disponible le 2-mai-2018]"
}

@article{ref2,
author={Fabrice Gamboa AND Alexandre Janon AND Thierry Klein AND Agnes Lagnoux-Renaudie AND Clémentine Prieur},
title={Statistical inference for Sobol pick freeze Monte Carlo method},
year={2013},
month={mar},
pages={26},
}

@misc{ref3,
author={C.Chouquet},
title={MODELES LINEAIRES},
year={2009},
note={Cours de M1 IMAT, Laboratoire de Statistique et Probabilités - Université Paul Sabatier - Toulouse}
}



